[gd_scene load_steps=12 format=2]

[ext_resource path="res://Entidades/Vendedores/2/vendedor_masculino_2_s1.png" type="Texture" id=1]
[ext_resource path="res://Entidades/Vendedores/2/vendedor_masculino_2_s2.png" type="Texture" id=2]
[ext_resource path="res://Entidades/Vendedores/2/vendedor_masculino_2_n1.png" type="Texture" id=3]
[ext_resource path="res://Entidades/Vendedores/2/vendedor_masculino_2_n2.png" type="Texture" id=4]
[ext_resource path="res://Entidades/Vendedores/2/vendedor_masculino_2_w2.png" type="Texture" id=5]
[ext_resource path="res://Entidades/Vendedores/2/vendedor_masculino_2_e1.png" type="Texture" id=6]
[ext_resource path="res://Entidades/Vendedores/2/vendedor_masculino_2_e2.png" type="Texture" id=7]
[ext_resource path="res://Entidades/Vendedores/2/vendedor_masculino_2_w1.png" type="Texture" id=8]
[ext_resource path="res://Entidades/Burbujas/burbuja_hortalizas.png" type="Texture" id=9]
[ext_resource path="res://Entidades/Vendedores/2/vendedor_masculino_2.gd" type="Script" id=10]



[sub_resource type="SpriteFrames" id=1]
animations = [ {
"frames": [ ExtResource( 1 ), ExtResource( 2 ) ],
"loop": true,
"name": "abajo_caminar",
"speed": 8.0
}, {
"frames": [ ExtResource( 3 ), ExtResource( 4 ) ],
"loop": true,
"name": "arriba_caminar",
"speed": 8.0
}, {
"frames": [ ExtResource( 6 ), ExtResource( 7 ) ],
"loop": true,
"name": "derecha_caminar",
"speed": 8.0
}, {
"frames": [ ExtResource( 6 ) ],
"loop": false,
"name": "derecha_quieto",
"speed": 1.0
}, {
"frames": [ ExtResource( 8 ) ],
"loop": false,
"name": "izquierda_quieto",
"speed": 1.0
}, {
"frames": [ ExtResource( 3 ) ],
"loop": false,
"name": "arriba_quieto",
"speed": 1.0
}, {
"frames": [ ExtResource( 1 ) ],
"loop": false,
"name": "abajo_quieto",
"speed": 1.0
}, {
"frames": [ ExtResource( 8 ), ExtResource( 5 ) ],
"loop": true,
"name": "izquierda_caminar",
"speed": 8.0
} ]

[node name="Vendedor_masculino_2" type="KinematicBody2D" groups=[
"vendedor_hortalizas",
"vendedores",
]]
input_pickable = true
script = ExtResource( 10 )

[node name="Sprite" type="AnimatedSprite" parent="."]
frames = SubResource( 1 )
animation = "abajo_quieto"

[node name="CollisionPolygon2D" type="CollisionPolygon2D" parent="."]
polygon = PoolVector2Array( -4, -32, -5, -26, -7, -23, -11, -19, -11, -12, -13, -1, -11, 5, -9, 4, -11, 32, 9, 32, 8, 4, 12, 2, 10, -10, 8, -21, 3, -25, 2, -32 )

[node name="Icono" type="Sprite" parent="."]
position = Vector2( 16, -49 )
scale = Vector2( 0.75, 0.75 )
texture = ExtResource( 9 )

[node name="RayCast2DN" type="RayCast2D" parent="."]
enabled = true
cast_to = Vector2( 0, -50 )

[node name="RayCast2DS" type="RayCast2D" parent="."]
enabled = true

[node name="RayCast2DE" type="RayCast2D" parent="."]
enabled = true
cast_to = Vector2( 50, 0 )

[node name="RayCast2DO" type="RayCast2D" parent="."]
enabled = true
cast_to = Vector2( -50, 0 )
[connection signal="input_event" from="." to="." method="_on_KinematicBody2D_input_event"]
